@ARTICLE{K1,
  AUTHOR            = {Aaron Adamson},
  TITLE             = {Artificial Advice},
  PUBLISHER         = {Aardvark Press},
  LOCATION          = {Arlington},
  YEAR              = {1995},
  VERBA             = {String}
}

@BOOK{K2,
  AUTHOR            = {Brian Bully},
  TITLE             = {Lucid Lamas},
  PUBLISHER         = {Aardvark Press},
  LOCATION          = {Arlington},
  YEAR              = {1971},
}

@PHDTHESIS{K3,
  ENTRYSUBTYPE      = {rubbish},
  AUTHOR            = {Richard Radiator},
  TITLE             = {Zenos Things},
  LOCATION          = {Cambridge},
  YEAR              = {1953},
}

@BOOK{K4,
  AUTHOR            = {Linda Lucid},
  TITLE             = {Decrepit Delineations},
  PUBLISHER         = {Stuff and Nonesense Press},
  LOCATION          = {London},
  YEAR              = {1999},
  KEYWORDS          = {key1, key2}
}
