@UNPUBLISHED{i3Š,
  ABSTRACT = {Some abstract %50 of which is useless},
  AUTHOR = {AAA and BBB and CCC and DDD and EEE},
  TITLE  = {Š title},
  DATE   = {2003},
  USERB  = {test},
  LISTA  = {list test},
  LISTB  = {late and early},
  LISTC  = {late and early},
}

@BOOK{xd1,
  AUTHOR        = {Edward Ellington},
  DATE          = {2007},
  XDATA         = {macmillanalias, missingxd}
}

@XDATA{macmillan,
  IDS   = {macmillanalias},
  XDATA = {macmillan:pubALIAS, macmillan:loc}
}

@XDATA{macmillan:pub,
  IDS       = {macmillan:pubALIAS},
  PUBLISHER = {Macmillan}
}

@XDATA{macmillan:loc,
  LOCATION = {New York and London},
  NOTE     = {A Note} 
}

@BOOK{b1,
  TITLE = {Booktitle},
  CROSSREF = {mvalias}
}

@MVBOOK{mv1,
  IDS = {mvalias},
  TITLE = {Maintitle},
  SUBTITLE = {Mainsubtitle},
  TITLEADDON = {Maintitleaddon}
}


